@Article{Bioconductor,
  author = {W. Huber and V. J. Carey and R. Gentleman and S. Anders and M. Carlson and B. S. Carvalho and H. C. Bravo and S. Davis and L. Gatto and T. Girke and R. Gottardo and F. Hahne and K. D. Hansen and R.  A. Irizarry and M. Lawrence and M. I. Love and J. MacDonald and V. Obenchain and A. K. {Ole's} and H.   {Pag`es} and A. Reyes and P. Shannon and G. K. Smyth and D. Tenenbaum and L. Waldron and M. Morgan},
  title = {{O}rchestrating high-throughput genomic analysis with {B}ioconductor},
  journal = {Nature Methods},
  year = {2015},
  volume = {12},
  number = {2},
  pages = {115--121},
  url = {http://www.nature.com/nmeth/journal/v12/n2/full/nmeth.3252.html},
}

@Manual{RStudio,
  title = {RStudio: Integrated Development Environment for R},
  author = {{RStudio Team}}, 
  organization = {RStudio, PBC.},
  address = {Boston, MA},
  year = {2020},
  url = {http://www.rstudio.com/},
}

@misc{github,
  author = {github},
  title = {GitHub},
  year = {2020},
  url = {https://github.com/},
}

@misc{PR001737,
  title = {PR001737},
  author = {Xie, Zhufu},
  publisher = {Metabolomics Workbench},
  year = {2024},
  url = {http://dx.doi.org/10.21228/M85X48},
}

@misc{Agarwal, 
  title = {Positive and negative mode in mass spectroscopy: LC-MS/MS Method },
  url = {https://www.nebiolab.com/positive-and-negative-mode-in-mass-spectroscopy/},
  journal = {Northeast Biolab},
  author = {Agarwal, Vipin},
} 